@article{ohdeep,
	title        = {Deep Reinforcement Learning-Based Power Allocation in Multi-Cell Massive MIMO},
	author       = {Oh, Youngwoo and Choi, Wooyeol},
	year         = 2021,
	journal      = {IEEE Transactions on Wireless Communications}
}
@article{zhao2019deep,
	title        = {Deep reinforcement learning for user association and resource allocation in heterogeneous cellular networks},
	author       = {Zhao, Nan and Liang, Ying-Chang and Niyato, Dusit and Pei, Yiyang and Wu, Minghu and Jiang, Yunhao},
	year         = 2019,
	journal      = {IEEE Transactions on Wireless Communications},
	publisher    = {IEEE},
	volume       = 18,
	number       = 11,
	pages        = {5141--5152}
}
@article{lee2019resource,
	title        = {Resource allocation in wireless networks with deep reinforcement learning: A circumstance-independent approach},
	author       = {Lee, Hyun-Suk and Kim, Jin-Young and Lee, Jang-Won},
	year         = 2019,
	journal      = {IEEE Systems Journal},
	publisher    = {IEEE},
	volume       = 14,
	number       = 2,
	pages        = {2589--2592}
}
@article{guo2019adaptive,
	title        = {Adaptive resource allocation in future wireless networks with blockchain and mobile edge computing},
	author       = {Guo, Fengxian and Yu, F Richard and Zhang, Heli and Ji, Hong and Liu, Mengting and Leung, Victor CM},
	year         = 2019,
	journal      = {IEEE Transactions on Wireless Communications},
	publisher    = {IEEE},
	volume       = 19,
	number       = 3,
	pages        = {1689--1703}
}
@article{naderializadeh2021resource,
	title        = {Resource management in wireless networks via multi-agent deep reinforcement learning},
	author       = {Naderializadeh, Navid and Sydir, Jaroslaw J and Simsek, Meryem and Nikopour, Hosein},
	year         = 2021,
	journal      = {IEEE Transactions on Wireless Communications},
	publisher    = {IEEE},
	volume       = 20,
	number       = 6,
	pages        = {3507--3523}
}
@inproceedings{wilhelmi2017implications,
	title        = {Implications of decentralized Q-learning resource allocation in wireless networks},
	author       = {Wilhelmi, Francesc and Bellalta, Boris and Cano, Cristina and Jonsson, Anders},
	year         = 2017,
	booktitle    = {2017 ieee 28th annual international symposium on personal, indoor, and mobile radio communications (pimrc)},
	pages        = {1--5},
	organization = {IEEE}
}
@article{rahimi2022novel,
	title        = {A novel approach to efficient resource allocation in load-balanced cellular networks using hierarchical DRL},
	author       = {Rahimi, A Mirzaei and Ziaeddini, Amir and Gonglee, Shu},
	year         = 2022,
	journal      = {Journal of Ambient Intelligence and Humanized Computing},
	publisher    = {Springer},
	volume       = 13,
	number       = 5,
	pages        = {2887--2901}
}
@inproceedings{abdelhadi2016optimal,
	title        = {Optimal context-aware resource allocation in cellular networks},
	author       = {Abdelhadi, Ahmed and Clancy, T Charles},
	year         = 2016,
	booktitle    = {2016 International Conference on Computing, Networking and Communications (ICNC)},
	pages        = {1--5},
	organization = {IEEE}
}
